@article{DAquino2005,
author = {d'Aquino, Massimiliano and Serpico, Claudio and Miano, Giovanni},
doi = {10.1016/j.jcp.2005.04.001},
issn = {00219991},
journal = {Journal of Computational Physics},
number = {2},
pages = {730--753},
title = {{Geometrical integration of Landau--Lifshitz--Gilbert equation based on the mid-point rule}},
volume = {209},
year = {2005}
}

@article{Heil2008,
author = {Heil, Matthias and Hazel, Andrew and Boyle, Jonathan},
doi = {10.1007/s00466-008-0270-6},
issn = {0178-7675},
journal = {Computational Mechanics},
number = 1,
pages = {91--101},
title = {{Solvers for large-displacement fluid-structure interaction problems: segregated versus monolithic approaches}},
volume = 43,
year = 2008
}

@misc{oomph-lib-website,
author = {Heil, Matthias and Hazel, Andrew},
title = {oomph-lib homepage},
url = {http://oomph-lib.maths.man.ac.uk/},
}

@article{Suess2002,
author = {Suess, Dieter and Tsiantos, Vassilios and Schrefl, Thomas and Fidler, Josef and Scholz, Werner and Forster, Hermann and Dittrich, Rok and Miles, Jim James},
doi = {10.1016/S0304-8853(02)00341-4},
file = {:home/david/Documents/Mendeley/Suess et al/Journal of Magnetism and Magnetic Materials/Suess et al. - 2002 - Time resolved micromagnetics using a preconditioned time integration method.pdf:pdf},
issn = {03048853},
journal = {Journal of Magnetism and Magnetic Materials},
keywords = {Micromagnetics,Modelling,finite elements,magnetic elements,micromagnetics,preconditioning,time integration},
mendeley-tags = {Micromagnetics,Modelling},
month = jul,
number = {2},
pages = {298--311},
title = {{Time resolved micromagnetics using a preconditioned time integration method}},
volume = {248},
year = {2002}
}

@misc{python-llg-source-code,
author = {Shepherd, David},
title = {Adaptive midpoint method python prototype source code},
url = {http://github.com/davidshepherd7/Landau-Lifshitz-Gilbert-ODE-model}
}


@article{Albuquerque2001,
annote = {a self consistency criteria for energy and alpha under constant applied field.},
author = {Albuquerque, G. and Miltat, J. and Thiaville, A.},
doi = {10.1063/1.1355322},
file = {:home/david/Documents/Mendeley/Albuquerque, Miltat, Thiaville/Journal of Applied Physics/Albuquerque, Miltat, Thiaville - 2001 - Self-consistency based control scheme for magnetization dynamics.pdf:pdf},
issn = {00218979},
journal = {Journal of Applied Physics},
number = {11},
pages = {6719},
title = {{Self-consistency based control scheme for magnetization dynamics}},
volume = {89},
year = {2001}
}

@manual{cvode-documentation,
title = {User Documentation for CVODE v2.7.0},
author = {Hindmarsh, Alan C. and Serban, Radu},
organization = {Center for Applied ScientiÔ¨Åc Computing, Lawrence Livermore National Laboratory},
month = {March},
year = {2012}
}

@article{Mallinson2000,
author = {Mallinson, John C.},
journal = {IEEE Transactions on Magnetics},
number = {4},
pages = {1976--1981},
publisher = {IEEE},
title = {{Damped gyromagnetic switching}},
volume = {36},
year = {2000}
}

@article{Shepherd2014,
author = {Shepherd, David and Heil, Matthias and Mihajlovi\'{c}, Milan and Miles, Jim},
journal = {In publication},
title = {{Discretisation induced stiffness in micromagnetic simulations}},
year = {2014}
}

@phdthesis{Knittel2011,
author = {Knittel, Andreas},
file = {:home/david/.local/share/data/Mendeley Ltd./Mendeley Desktop/Downloaded/Knittel - 2011 - Micromagnetic simulations of three dimensional core-shell nanostructures.pdf:pdf},
school = {University of Southampton},
title = {{Micromagnetic simulations of three dimensional core-shell nanostructures}},
year = {2011}
}
